<?xml version="1.0" encoding="UTF-8"?><record xmlns="http://www.loc.gov/MARC21/slim" xmlns:cinclude="http://apache.org/cocoon/include/1.0" xmlns:zs="http://www.loc.gov/zing/srw/">
  <leader>00450cz  a2200145n  4500</leader>
  <controlfield tag="001">n  87844896 </controlfield>
  <controlfield tag="003">DLC</controlfield>
  <controlfield tag="005">19881019105116.5</controlfield>
  <controlfield tag="008">871230n| acannaab|          |a aaa |||  </controlfield>
  <datafield tag="010" ind1=" " ind2=" ">
    <subfield code="a">n  87844896 </subfield>
  </datafield>
  <datafield tag="040" ind1=" " ind2=" ">
    <subfield code="a">DLC</subfield>
    <subfield code="c">DLC</subfield>
    <subfield code="d">DLC</subfield>
  </datafield>
  <datafield tag="100" ind1="1" ind2="0">
    <subfield code="a">Schwartz, David C.</subfield>
  </datafield>
  <datafield tag="400" ind1="1" ind2="0">
    <subfield code="a">Swartz, David C.</subfield>
  </datafield>
  <datafield tag="670" ind1=" " ind2=" ">
    <subfield code="a">His A new housing policy for America, 1988:</subfield>
    <subfield code="b">CIP t.p. (David C. Swartz)</subfield>
  </datafield>
  <datafield tag="670" ind1=" " ind2=" ">
    <subfield code="a">His A New housing policy for America, 1988:</subfield>
    <subfield code="b">t.p. (David C. Schwartz)</subfield>
  </datafield>
</record>